@article{Foulkes2001,
  title = {Quantum Monte Carlo simulations of solids},
  author = {Foulkes, W. M. C. and Mitas, L. and Needs, R. J. and Rajagopal, G.},
  journal = {Rev. Mod. Phys.},
  volume = {73},
  issue = {1},
  pages = {33--83},
  numpages = {0},
  year = {2001},
  month = {Jan},
  publisher = {American Physical Society},
  doi = {10.1103/RevModPhys.73.33},
  url = {https://link.aps.org/doi/10.1103/RevModPhys.73.33}
}

@article{LopezRios2006,
  title = {Inhomogeneous backflow transformations in quantum Monte Carlo calculations},
  author = {L\'opez R\'{\i}os, P. and Ma, A. and Drummond, N. D. and Towler, M. D. and Needs, R. J.},
  journal = {Phys. Rev. E},
  volume = {74},
  issue = {6},
  pages = {066701},
  numpages = {15},
  year = {2006},
  month = {Dec},
  publisher = {American Physical Society},
  doi = {10.1103/PhysRevE.74.066701},
  url = {https://link.aps.org/doi/10.1103/PhysRevE.74.066701}
}

